
@article{Avidan:2007:SCC:1276377.1276390,
 author = {Avidan, Shai and Shamir, Ariel},
 title = {Seam Carving for Content-aware Image Resizing},
 journal = {ACM Trans. Graph.},
 issue_date = {July 2007},
 volume = {26},
 number = {3},
 month = jul,
 year = {2007},
 issn = {0730-0301},
 articleno = {10},
 url = {http://doi.acm.org.ezproxy.morris.umn.edu/10.1145/1276377.1276390},
 doi = {10.1145/1276377.1276390},
 acmid = {1276390},
 publisher = {ACM},
 address = {New York, NY, USA},
 keywords = {content-aware image manipulation, display devices, image resizing, image retargeting, image seams}
} 

@misc{blogPost,
 author = {Kun,Jeremy},
 title = {Seam Carving for Content-Aware Image Scaling},
 month = mar,
 year = {2013},
 url = {http://jeremykun.com/2013/03/04/seam-carving-for-content-aware-image-scaling/}
} 

 %%%%%%%%%%%%%%%%%%%%%%
 % ARTICLES I DEFINITELY WON'T USE %
 %%%%%%%%%%%%%%%%%%%%%%
